@article{GreenAlgorithms,
author = {Lannelongue, Loïc and Grealey, Jason and Inouye, Michael},
title = {Green Algorithms: Quantifying the Carbon Footprint of Computation},
journal = {Advanced Science},
volume = {8},
number = {12},
pages = {2100707},
keywords = {climate change, computational research, green computing},
doi = {https://doi.org/10.1002/advs.202100707},
url = {https://onlinelibrary.wiley.com/doi/abs/10.1002/advs.202100707},
eprint = {https://onlinelibrary.wiley.com/doi/pdf/10.1002/advs.202100707},
year = {2021}
}

@online{OpenAIblog,
    author = {Dario Amodei, Danny Hernandez},
    title = {AI and compute},
    url  = {https://openai.com/index/ai-and-compute/},
    addendum = {accessed: 30.10.2024},
    year = {2018},
    publisher = {OpenAI},
    keywords = {OpenAI,Compute,Amodei}
}

@article{Taddeo2021,
  title = {Artificial intelligence and the climate emergency: Opportunities, challenges, and recommendations},
  author = {Taddeo, Mariarosaria and Tsamados, Andreas and Cowls, Josh and Floridi, Luciano},
  year = {2021},
  journal = {One Earth},
  volume = {4},
  number = {6},
  pages = {776--779},
  doi = {10.1016/j.oneear.2021.05.018},
  url = {https://doi.org/10.1016/j.oneear.2021.05.018},
  publisher = {Elsevier},
  abstract = {Artificial intelligence (AI) has the potential to play an important role in addressing the climate emergency, but this potential must be set against the environmental costs of developing AI systems. In this commentary, we assess the carbon footprint of AI training processes and offer 14 policy recommendations to reduce it.},
  issn = {2590-3330}
}

@article{GreenAI,
  author       = {Roy Schwartz and
                  Jesse Dodge and
                  Noah A. Smith and
                  Oren Etzioni},
  title        = {Green {AI}},
  journal      = {CoRR},
  volume       = {abs/1907.10597},
  year         = {2019},
  url          = {http://arxiv.org/abs/1907.10597},
  eprinttype    = {arXiv},
  eprint       = {1907.10597},
  timestamp    = {Wed, 23 Dec 2020 10:13:20 +0100},
  biburl       = {https://dblp.org/rec/journals/corr/abs-1907-10597.bib},
  bibsource    = {dblp computer science bibliography, https://dblp.org}
}

@article{DEFILIPPO2022109199,
title = {HADA: An automated tool for hardware dimensioning of AI applications},
journal = {Knowledge-Based Systems},
volume = {251},
pages = {109199},
year = {2022},
issn = {0950-7051},
doi = {https://doi.org/10.1016/j.knosys.2022.109199},
url = {https://www.sciencedirect.com/science/article/pii/S0950705122005974},
author = {Allegra {De Filippo} and Andrea Borghesi and Andrea Boscarino and Michela Milano},
keywords = {Empirical model learning, Hardware dimensioning, Anticipatory algorithms, Efficient energy management, Machine learning, Constrained optimization}
}

@article{LOMBARDI2017343,
title = {Empirical decision model learning},
journal = {Artificial Intelligence},
volume = {244},
pages = {343-367},
year = {2017},
note = {Combining Constraint Solving with Mining and Learning},
issn = {0004-3702},
doi = {https://doi.org/10.1016/j.artint.2016.01.005},
url = {https://www.sciencedirect.com/science/article/pii/S0004370216000126},
author = {Michele Lombardi and Michela Milano and Andrea Bartolini},
keywords = {Combinatorial optimization, Machine learning, Complex systems, Local search, Constraint programming, Mixed integer non-linear programming, SAT modulo theories, Artificial neural networks, Decision trees}
}

@inproceedings{ijcai2019p150,
  title     = {How to Tame Your Anticipatory Algorithm},
  author    = {De Filippo, Allegra and Lombardi, Michele and Milano, Michela},
  booktitle = {Proceedings of the Twenty-Eighth International Joint Conference on
               Artificial Intelligence, {IJCAI-19}},
  publisher = {International Joint Conferences on Artificial Intelligence Organization},
  pages     = {1071--1077},
  year      = {2019},
  month     = {7},
  doi       = {10.24963/ijcai.2019/150},
  url       = {https://doi.org/10.24963/ijcai.2019/150}
}

@inproceedings{10.1007/978-3-319-93031-2_8,
author = {De Filippo, Allegra and Lombardi, Michele and Milano, Michela},
title = {Off-Line and On-Line Optimization Under Uncertainty: A Case Study on Energy Management},
year = {2018},
isbn = {978-3-319-93030-5},
publisher = {Springer-Verlag},
address = {Berlin, Heidelberg},
url = {https://doi.org/10.1007/978-3-319-93031-2_8},
doi = {10.1007/978-3-319-93031-2_8},
booktitle = {Integration of Constraint Programming, Artificial Intelligence, and Operations Research: 15th International Conference, CPAIOR 2018, Delft, The Netherlands, June 26–29, 2018, Proceedings},
pages = {100–116},
numpages = {17},
keywords = {Optimization, Uncertainty, Energy management},
location = {Delft, The Netherlands}
}

@techreport{MicrosoftPwC2018,
  title = {How AI can enable a sustainable future},
  author = {{Microsoft} and {PwC}},
  year = {2018},
  institution = {Microsoft in association with PwC},
  url = {https://www.pwc.co.uk/sustainability-climate-change/assets/pdf/how-ai-can-enable-a-sustainable-future.pdf},
  note = {Accessed: 2024-10-30}
}

@techreport{AIIndexReport,
  author = {Nestor Maslej and Loredana Fattorini and Raymond Perrault and Vanessa Parli and Anka Reuel and Erik Brynjolfsson 
            and John Etchemendy and Katrina Ligett and Terah Lyons and James Manyika and Juan Carlos Niebles and Yoav Shoham 
            and Russell Wald and Jack Clark},
  institution = {AI Index Steering Committee, Stanford University},
  title = {The AI Index 2024 Annual Report},
  year = {2024}
}

@misc{epoch2024compute,
  title = {Training Compute of Frontier AI Models Grows by 4-5x per Year},
  author = {Jaime Sevilla and Edu Roldán},
  year = {2024},
  url = {https://epoch.ai/blog/training-compute-of-frontier-ai-models-grows-by-4-5x-per-year},
  note = {Accessed: 2025-03-03}
}

@article{patterson2021carbon,
  author = {David A. Patterson and Joseph Gonzalez and Quoc V. Le and Chen Liang and Lluis-Miquel Munguia and 
            Daniel Rothchild and David R. So and Maud Texier and Jeff Dean},
  title = {Carbon Emissions and Large Neural Network Training},
  journal = {CoRR},
  volume = {abs/2104.10350},
  year = {2021},
  url = {https://arxiv.org/abs/2104.10350},
  eprinttype = {arXiv},
  eprint = {2104.10350}
}

@article{strubell2019energy,
  author       = {Emma Strubell and
                  Ananya Ganesh and
                  Andrew McCallum},
  title        = {Energy and Policy Considerations for Deep Learning in {NLP}},
  journal      = {CoRR},
  volume       = {abs/1906.02243},
  year         = {2019},
  url          = {http://arxiv.org/abs/1906.02243},
  eprinttype    = {arXiv},
  eprint       = {1906.02243},
}

@inproceedings{dodge2022carbon,
author = {Dodge, Jesse and Prewitt, Taylor and Tachet des Combes, Remi and Odmark, Erika and Schwartz, Roy and Strubell, Emma and Luccioni, Alexandra Sasha and Smith, Noah A. and DeCario, Nicole and Buchanan, Will},
title = {Measuring the Carbon Intensity of AI in Cloud Instances},
year = {2022},
isbn = {9781450393522},
publisher = {Association for Computing Machinery},
address = {New York, NY, USA},
url = {https://doi.org/10.1145/3531146.3533234},
booktitle = {Proceedings of the 2022 ACM Conference on Fairness, Accountability, and Transparency},
pages = {1877–1894},
location = {Seoul, Republic of Korea},
series = {FAccT '22}
}

@misc{touvron2023llama,
author={Hugo Touvron, Thibaut Lavril, Gautier Izacard, Xavier Martinet, Marie-Anne Lachaux, Timothée Lacroix, Baptiste Rozière, Naman Goyal, Eric Hambro, Faisal Azhar, Aurelien Rodriguez, Armand Joulin, Edouard Grave, Guillaume Lample},
title={LLaMA: Open and Efficient Foundation Language Models}, 
author={Hugo Touvron and Thibaut Lavril and Gautier Izacard and Xavier Martinet and Marie-Anne Lachaux and Timothée Lacroix and Baptiste Rozière and Naman Goyal and Eric Hambro and Faisal Azhar and Aurelien Rodriguez and Armand Joulin and Edouard Grave and Guillaume Lample},
year={2023},
eprint={2302.13971},
archivePrefix={arXiv},
primaryClass={cs.CL},
url={https://arxiv.org/abs/2302.13971}, 
}

@article{henderson2020carbon,
  author  = {Peter Henderson and Jieru Hu and Joshua Romoff and Emma Brunskill and Dan Jurafsky and Joelle Pineau},
  title   = {Towards the Systematic Reporting of the Energy and Carbon Footprints of Machine Learning},
  journal = {Journal of Machine Learning Research},
  year    = {2020},
  volume  = {21},
  number  = {248},
  pages   = {1--43},
  url     = {http://jmlr.org/papers/v21/20-312.html}
}

@article{gupta2020carbon,
  author       = {Udit Gupta and
                  Young Geun Kim and
                  Sylvia Lee and
                  Jordan Tse and
                  Hsien{-}Hsin S. Lee and
                  Gu{-}Yeon Wei and
                  David Brooks and
                  Carole{-}Jean Wu},
  title        = {Chasing Carbon: The Elusive Environmental Footprint of Computing},
  journal      = {CoRR},
  volume       = {abs/2011.02839},
  year         = {2020},
  url          = {https://arxiv.org/abs/2011.02839},
  eprinttype    = {arXiv},
  eprint       = {2011.02839}
}

@article{wu2021sustainableai,
  author       = {Carole{-}Jean Wu and
                  Ramya Raghavendra and
                  Udit Gupta and
                  Bilge Acun and
                  Newsha Ardalani and
                  Kiwan Maeng and
                  Gloria Chang and
                  Fiona Aga Behram and
                  James Huang and
                  Charles Bai and
                  Michael Gschwind and
                  Anurag Gupta and
                  Myle Ott and
                  Anastasia Melnikov and
                  Salvatore Candido and
                  David Brooks and
                  Geeta Chauhan and
                  Benjamin Lee and
                  Hsien{-}Hsin S. Lee and
                  Bugra Akyildiz and
                  Maximilian Balandat and
                  Joe Spisak and
                  Ravi Jain and
                  Mike Rabbat and
                  Kim M. Hazelwood},
  title        = {Sustainable {AI:} Environmental Implications, Challenges and Opportunities},
  journal      = {CoRR},
  volume       = {abs/2111.00364},
  year         = {2021},
  url          = {https://arxiv.org/abs/2111.00364},
  eprinttype    = {arXiv},
  eprint       = {2111.00364}
}

@article{thompson2021deeplearning,
title = {Deep Learning's Diminishing Returns: The Cost of Improvement is Becoming Unsustainable},
author =  {Thompson, {Neil C.} and Kristjan Greenewald and Keeheon Lee and Manso, {Gabriel F.} },
year = {2021},
volume = {58},
pages = {50--55},
journal = {IEEE Spectrum},
issn = {0018-9235},
publisher = {Institute of Electrical and Electronics Engineers Inc.}
}

@misc{faiz2024llmcarbon,
      title={LLMCarbon: Modeling the end-to-end Carbon Footprint of Large Language Models}, 
      author={Ahmad Faiz and Sotaro Kaneda and Ruhan Wang and Rita Osi and Prateek Sharma and Fan Chen and Lei Jiang},
      year={2024},
      eprint={2309.14393},
      archivePrefix={arXiv},
      primaryClass={cs.CL},
      url={https://arxiv.org/abs/2309.14393}, 
}

@software{courty2024codecarbon,
  author       = {Benoit Courty and
                  Victor Schmidt and
                  Sasha Luccioni and
                  Goyal Kamal and
                  Marion Coutarel and
                  Boris Feld and
                  Jérémy Lecourt and
                  Liam Connell and
                  Amine Saboni and
                  Inimaz and
                  Supatomic and
                  Mathilde Léval and
                  Luis Blanche and
                  Alexis Cruveiller and
                  Oumina Sara and
                  Franklin Zhao and
                  Aditya Joshi and
                  Alexis Bogroff and
                  Hugues de Lavoreille and
                  Niko Laskaris and
                  Edoardo Abati and
                  Douglas Blank and
                  Ziyao Wang and
                  Armin Catovic and
                  Marc Alencon and
                  Michał Stęchły and
                  Christian Bauer and
                  Lucas Otávio N. de Araújo and
                  JPW and
                  Minerva Books},
  title        = {mlco2/codecarbon: v2.4.1},
  year         = {2024},
  publisher    = {Zenodo},
  version      = {v2.4.1},
  doi          = {10.5281/zenodo.11171501},
  url          = {https://doi.org/10.5281/zenodo.11171501}
}

@inproceedings{bannour-etal-2021-evaluating,
  title        = {Evaluating the Carbon Footprint of NLP Methods: A Survey and Analysis of Existing Tools},
  author       = {Nesrine Bannour and 
                  Sahar Ghannay and 
                  Aur{\'e}lie N{\'e}v{\'e}ol and 
                  Anne-Laure Ligozat},
  booktitle    = {Proceedings of the Second Workshop on Simple and Efficient Natural Language Processing},
  year         = {2021},
  address      = {Virtual},
  publisher    = {Association for Computational Linguistics},
  url          = {https://aclanthology.org/2021.sustainlp-1.2/},
  doi          = {10.18653/v1/2021.sustainlp-1.2},
  pages        = {11--21}
}

@article{lacoste2019quantifying,
  title        = {Quantifying the Carbon Emissions of Machine Learning},
  author       = {Alexandre Lacoste and 
                  Alexandra Luccioni and 
                  Victor Schmidt and 
                  Thomas Dandres},
  journal      = {arXiv preprint},
  archivePrefix = {arXiv},
  eprint       = {1910.09700},
  year         = {2019},
  url          = {https://arxiv.org/abs/1910.09700}
}
